<record><leader>00000cas a22000007a 4500</leader><controlfield tag="001">15300393</controlfield><controlfield tag="008">870311d19671969msuwr ne      0    0eng d</controlfield><datafield ind1=" " ind2=" " tag="010"><subfield code="a">sn 87065217 </subfield></datafield><datafield ind1=" " ind2=" " tag="040"><subfield code="a">MJA</subfield><subfield code="b">eng</subfield><subfield code="c">MJA</subfield><subfield code="d">MSJ</subfield><subfield code="d">OCLCQ</subfield></datafield><datafield ind1=" " ind2=" " tag="042"><subfield code="a">msc</subfield></datafield><datafield ind1="0" ind2="0" tag="245"><subfield code="a">Tishomingo County news.</subfield></datafield><datafield ind1=" " ind2=" " tag="260"><subfield code="a">Iuka, Miss. :</subfield><subfield code="b">John H. Biggs,</subfield><subfield code="c">1967-1969.</subfield></datafield><datafield ind1=" " ind2=" " tag="310"><subfield code="a">Weekly</subfield></datafield><datafield ind1="0" ind2=" " tag="362"><subfield code="a">Vol. 1, no. 1 (Nov. 16, 1967)-v. 2, no. 46 (Sept. 25, 1969).</subfield></datafield><datafield ind1=" " ind2=" " tag="752"><subfield code="a">United States</subfield><subfield code="b">Mississippi</subfield><subfield code="c">Tishomingo</subfield><subfield code="d">Iuka.</subfield></datafield><datafield ind1="0" ind2="7" tag="785"><subfield code="t">Vidette and the Belmont news</subfield><subfield code="w">(OCoLC)15299809</subfield></datafield><datafield ind1="0" ind2="7" tag="785"><subfield code="t">Tishomingo County news the vidette and Belmont news</subfield><subfield code="w">(OCoLC)15300474</subfield></datafield></record>